<?xml version="1.0" encoding="UTF-8"?><collection xmlns="http://www.loc.gov/MARC21/slim"><record><leader>00398nam--2200133-i-4500</leader><controlfield tag="001">000024422</controlfield><controlfield tag="002">20161230</controlfield><controlfield tag="005">20161230201035</controlfield><controlfield tag="008">060222s1000------------r-----000-0-eng-d</controlfield><datafield ind1=" " ind2=" " tag="080"><subfield code="a">546</subfield></datafield><datafield ind1=" " ind2=" " tag="100"><subfield code="a">Grubitsch, Heribert</subfield></datafield><datafield ind1=" " ind2=" " tag="245"><subfield code="a">Anorganisch-praparative chemie. arbeitsmethoden und ausgewahlte beispiele. mit 222 textabbildungen</subfield></datafield><datafield ind1=" " ind2=" " tag="260"><subfield code="a">Wien, Springer-verlag, 1950. Xxiii+479p</subfield></datafield><datafield ind1=" " ind2=" " tag="852"><subfield code="a">77523</subfield></datafield></record></collection>